%YAML 1.1
%TAG !u! tag:unity3d.com,2011:
--- !u!1 &1154627690245192614
GameObject:
  m_ObjectHideFlags: 0
  m_CorrespondingSourceObject: {fileID: 0}
  m_PrefabInstance: {fileID: 0}
  m_PrefabAsset: {fileID: 0}
  serializedVersion: 6
  m_Component:
  - component: {fileID: 8700448419938380796}
  m_Layer: 0
  m_Name: Bathroom2
  m_TagString: Untagged
  m_Icon: {fileID: 0}
  m_NavMeshLayer: 0
  m_StaticEditorFlags: 0
  m_IsActive: 1
--- !u!4 &8700448419938380796
Transform:
  m_ObjectHideFlags: 0
  m_CorrespondingSourceObject: {fileID: 0}
  m_PrefabInstance: {fileID: 0}
  m_PrefabAsset: {fileID: 0}
  m_GameObject: {fileID: 1154627690245192614}
  m_LocalRotation: {x: 0, y: 0, z: 0, w: 1}
  m_LocalPosition: {x: -1.719, y: -1.7703983, z: -3.316}
  m_LocalScale: {x: 1, y: 1, z: 1}
  m_ConstrainProportionsScale: 0
  m_Children:
  - {fileID: 7903332043793646585}
  - {fileID: 5243103886356220033}
  - {fileID: 3872643169220238811}
  - {fileID: 1204254552284006215}
  - {fileID: 603018081463180338}
  - {fileID: 2299685060987088761}
  - {fileID: 7357097798118118626}
  - {fileID: 4160159555255264074}
  - {fileID: 7582874864058570377}
  - {fileID: 6357384702641640219}
  - {fileID: 2454294596435996112}
  - {fileID: 5804101711787113079}
  - {fileID: 6662084906956111248}
  - {fileID: 5912151256783214940}
  - {fileID: 4085375373788252905}
  - {fileID: 6590197814480564063}
  - {fileID: 6639290584118307664}
  - {fileID: 3635266184413372388}
  m_Father: {fileID: 0}
  m_RootOrder: 0
  m_LocalEulerAnglesHint: {x: 0, y: 0, z: 0}
--- !u!1001 &1034305640358108913
PrefabInstance:
  m_ObjectHideFlags: 0
  serializedVersion: 2
  m_Modification:
    serializedVersion: 3
    m_TransformParent: {fileID: 8700448419938380796}
    m_Modifications:
    - target: {fileID: 5087282295778432624, guid: 811e6e74b6e3af9468ee8cf92013ce83, type: 3}
      propertyPath: m_RootOrder
      value: -1
      objectReference: {fileID: 0}
    - target: {fileID: 5087282295778432624, guid: 811e6e74b6e3af9468ee8cf92013ce83, type: 3}
      propertyPath: m_LocalPosition.x
      value: -2.3641863
      objectReference: {fileID: 0}
    - target: {fileID: 5087282295778432624, guid: 811e6e74b6e3af9468ee8cf92013ce83, type: 3}
      propertyPath: m_LocalPosition.y
      value: 0.023946404
      objectReference: {fileID: 0}
    - target: {fileID: 5087282295778432624, guid: 811e6e74b6e3af9468ee8cf92013ce83, type: 3}
      propertyPath: m_LocalPosition.z
      value: 0.33157182
      objectReference: {fileID: 0}
    - target: {fileID: 5087282295778432624, guid: 811e6e74b6e3af9468ee8cf92013ce83, type: 3}
      propertyPath: m_LocalRotation.w
      value: 1
      objectReference: {fileID: 0}
    - target: {fileID: 5087282295778432624, guid: 811e6e74b6e3af9468ee8cf92013ce83, type: 3}
      propertyPath: m_LocalRotation.x
      value: -0
      objectReference: {fileID: 0}
    - target: {fileID: 5087282295778432624, guid: 811e6e74b6e3af9468ee8cf92013ce83, type: 3}
      propertyPath: m_LocalRotation.y
      value: -0
      objectReference: {fileID: 0}
    - target: {fileID: 5087282295778432624, guid: 811e6e74b6e3af9468ee8cf92013ce83, type: 3}
      propertyPath: m_LocalRotation.z
      value: -0
      objectReference: {fileID: 0}
    - target: {fileID: 5087282295778432624, guid: 811e6e74b6e3af9468ee8cf92013ce83, type: 3}
      propertyPath: m_LocalEulerAnglesHint.x
      value: 0
      objectReference: {fileID: 0}
    - target: {fileID: 5087282295778432624, guid: 811e6e74b6e3af9468ee8cf92013ce83, type: 3}
      propertyPath: m_LocalEulerAnglesHint.y
      value: 0
      objectReference: {fileID: 0}
    - target: {fileID: 5087282295778432624, guid: 811e6e74b6e3af9468ee8cf92013ce83, type: 3}
      propertyPath: m_LocalEulerAnglesHint.z
      value: 0
      objectReference: {fileID: 0}
    - target: {fileID: 8213366066681267145, guid: 811e6e74b6e3af9468ee8cf92013ce83, type: 3}
      propertyPath: m_Name
      value: Hamper_01
      objectReference: {fileID: 0}
    m_RemovedComponents:
    - {fileID: 625481971148334276, guid: 811e6e74b6e3af9468ee8cf92013ce83, type: 3}
    m_RemovedGameObjects: []
    m_AddedGameObjects: []
    m_AddedComponents: []
  m_SourcePrefab: {fileID: 100100000, guid: 811e6e74b6e3af9468ee8cf92013ce83, type: 3}
--- !u!4 &5243103886356220033 stripped
Transform:
  m_CorrespondingSourceObject: {fileID: 5087282295778432624, guid: 811e6e74b6e3af9468ee8cf92013ce83, type: 3}
  m_PrefabInstance: {fileID: 1034305640358108913}
  m_PrefabAsset: {fileID: 0}
--- !u!1001 &1415007802087084158
PrefabInstance:
  m_ObjectHideFlags: 0
  serializedVersion: 2
  m_Modification:
    serializedVersion: 3
    m_TransformParent: {fileID: 8700448419938380796}
    m_Modifications:
    - target: {fileID: 4854237462465162294, guid: 9b1b2b4675aff1e41801a8d88665837a, type: 3}
      propertyPath: m_Name
      value: Bedroom
      objectReference: {fileID: 0}
    - target: {fileID: 5753178055158967790, guid: 9b1b2b4675aff1e41801a8d88665837a, type: 3}
      propertyPath: m_RootOrder
      value: 1
      objectReference: {fileID: 0}
    - target: {fileID: 5753178055158967790, guid: 9b1b2b4675aff1e41801a8d88665837a, type: 3}
      propertyPath: m_LocalPosition.x
      value: 8.965
      objectReference: {fileID: 0}
    - target: {fileID: 5753178055158967790, guid: 9b1b2b4675aff1e41801a8d88665837a, type: 3}
      propertyPath: m_LocalPosition.y
      value: 1.525
      objectReference: {fileID: 0}
    - target: {fileID: 5753178055158967790, guid: 9b1b2b4675aff1e41801a8d88665837a, type: 3}
      propertyPath: m_LocalPosition.z
      value: -5.279
      objectReference: {fileID: 0}
    - target: {fileID: 5753178055158967790, guid: 9b1b2b4675aff1e41801a8d88665837a, type: 3}
      propertyPath: m_LocalRotation.w
      value: 1
      objectReference: {fileID: 0}
    - target: {fileID: 5753178055158967790, guid: 9b1b2b4675aff1e41801a8d88665837a, type: 3}
      propertyPath: m_LocalRotation.x
      value: 0
      objectReference: {fileID: 0}
    - target: {fileID: 5753178055158967790, guid: 9b1b2b4675aff1e41801a8d88665837a, type: 3}
      propertyPath: m_LocalRotation.y
      value: 0
      objectReference: {fileID: 0}
    - target: {fileID: 5753178055158967790, guid: 9b1b2b4675aff1e41801a8d88665837a, type: 3}
      propertyPath: m_LocalRotation.z
      value: 0
      objectReference: {fileID: 0}
    - target: {fileID: 5753178055158967790, guid: 9b1b2b4675aff1e41801a8d88665837a, type: 3}
      propertyPath: m_LocalEulerAnglesHint.x
      value: 0
      objectReference: {fileID: 0}
    - target: {fileID: 5753178055158967790, guid: 9b1b2b4675aff1e41801a8d88665837a, type: 3}
      propertyPath: m_LocalEulerAnglesHint.y
      value: 0
      objectReference: {fileID: 0}
    - target: {fileID: 5753178055158967790, guid: 9b1b2b4675aff1e41801a8d88665837a, type: 3}
      propertyPath: m_LocalEulerAnglesHint.z
      value: 0
      objectReference: {fileID: 0}
    m_RemovedComponents: []
    m_RemovedGameObjects: []
    m_AddedGameObjects: []
    m_AddedComponents: []
  m_SourcePrefab: {fileID: 100100000, guid: 9b1b2b4675aff1e41801a8d88665837a, type: 3}
--- !u!4 &6662084906956111248 stripped
Transform:
  m_CorrespondingSourceObject: {fileID: 5753178055158967790, guid: 9b1b2b4675aff1e41801a8d88665837a, type: 3}
  m_PrefabInstance: {fileID: 1415007802087084158}
  m_PrefabAsset: {fileID: 0}
--- !u!1001 &1919371015156847605
PrefabInstance:
  m_ObjectHideFlags: 0
  serializedVersion: 2
  m_Modification:
    serializedVersion: 3
    m_TransformParent: {fileID: 8700448419938380796}
    m_Modifications:
    - target: {fileID: 2454693265696217372, guid: bd82980ec0e466d48a84803eba02265f, type: 3}
      propertyPath: m_RootOrder
      value: -1
      objectReference: {fileID: 0}
    - target: {fileID: 2454693265696217372, guid: bd82980ec0e466d48a84803eba02265f, type: 3}
      propertyPath: m_LocalPosition.x
      value: -7.375
      objectReference: {fileID: 0}
    - target: {fileID: 2454693265696217372, guid: bd82980ec0e466d48a84803eba02265f, type: 3}
      propertyPath: m_LocalPosition.y
      value: 0.023946285
      objectReference: {fileID: 0}
    - target: {fileID: 2454693265696217372, guid: bd82980ec0e466d48a84803eba02265f, type: 3}
      propertyPath: m_LocalPosition.z
      value: 9.226
      objectReference: {fileID: 0}
    - target: {fileID: 2454693265696217372, guid: bd82980ec0e466d48a84803eba02265f, type: 3}
      propertyPath: m_LocalRotation.w
      value: 0.7071068
      objectReference: {fileID: 0}
    - target: {fileID: 2454693265696217372, guid: bd82980ec0e466d48a84803eba02265f, type: 3}
      propertyPath: m_LocalRotation.x
      value: 0
      objectReference: {fileID: 0}
    - target: {fileID: 2454693265696217372, guid: bd82980ec0e466d48a84803eba02265f, type: 3}
      propertyPath: m_LocalRotation.y
      value: 0.7071068
      objectReference: {fileID: 0}
    - target: {fileID: 2454693265696217372, guid: bd82980ec0e466d48a84803eba02265f, type: 3}
      propertyPath: m_LocalRotation.z
      value: 0
      objectReference: {fileID: 0}
    - target: {fileID: 2454693265696217372, guid: bd82980ec0e466d48a84803eba02265f, type: 3}
      propertyPath: m_LocalEulerAnglesHint.x
      value: 0
      objectReference: {fileID: 0}
    - target: {fileID: 2454693265696217372, guid: bd82980ec0e466d48a84803eba02265f, type: 3}
      propertyPath: m_LocalEulerAnglesHint.y
      value: 90
      objectReference: {fileID: 0}
    - target: {fileID: 2454693265696217372, guid: bd82980ec0e466d48a84803eba02265f, type: 3}
      propertyPath: m_LocalEulerAnglesHint.z
      value: 0
      objectReference: {fileID: 0}
    - target: {fileID: 5941839947436283181, guid: bd82980ec0e466d48a84803eba02265f, type: 3}
      propertyPath: m_Name
      value: Bed_Apt_01_01 (1)
      objectReference: {fileID: 0}
    m_RemovedComponents: []
    m_RemovedGameObjects: []
    m_AddedGameObjects: []
    m_AddedComponents: []
  m_SourcePrefab: {fileID: 100100000, guid: bd82980ec0e466d48a84803eba02265f, type: 3}
--- !u!4 &4085375373788252905 stripped
Transform:
  m_CorrespondingSourceObject: {fileID: 2454693265696217372, guid: bd82980ec0e466d48a84803eba02265f, type: 3}
  m_PrefabInstance: {fileID: 1919371015156847605}
  m_PrefabAsset: {fileID: 0}
--- !u!1001 &2479491822537162182
PrefabInstance:
  m_ObjectHideFlags: 0
  serializedVersion: 2
  m_Modification:
    serializedVersion: 3
    m_TransformParent: {fileID: 8700448419938380796}
    m_Modifications:
    - target: {fileID: 1717710791780016157, guid: 10d4ee2e07ed6c043bcfb109fd37b49a, type: 3}
      propertyPath: m_RootOrder
      value: -1
      objectReference: {fileID: 0}
    - target: {fileID: 1717710791780016157, guid: 10d4ee2e07ed6c043bcfb109fd37b49a, type: 3}
      propertyPath: m_LocalPosition.x
      value: -2.473
      objectReference: {fileID: 0}
    - target: {fileID: 1717710791780016157, guid: 10d4ee2e07ed6c043bcfb109fd37b49a, type: 3}
      propertyPath: m_LocalPosition.y
      value: 0.0240587
      objectReference: {fileID: 0}
    - target: {fileID: 1717710791780016157, guid: 10d4ee2e07ed6c043bcfb109fd37b49a, type: 3}
      propertyPath: m_LocalPosition.z
      value: 3.489
      objectReference: {fileID: 0}
    - target: {fileID: 1717710791780016157, guid: 10d4ee2e07ed6c043bcfb109fd37b49a, type: 3}
      propertyPath: m_LocalRotation.w
      value: 0.7071068
      objectReference: {fileID: 0}
    - target: {fileID: 1717710791780016157, guid: 10d4ee2e07ed6c043bcfb109fd37b49a, type: 3}
      propertyPath: m_LocalRotation.x
      value: -0
      objectReference: {fileID: 0}
    - target: {fileID: 1717710791780016157, guid: 10d4ee2e07ed6c043bcfb109fd37b49a, type: 3}
      propertyPath: m_LocalRotation.y
      value: 0.7071068
      objectReference: {fileID: 0}
    - target: {fileID: 1717710791780016157, guid: 10d4ee2e07ed6c043bcfb109fd37b49a, type: 3}
      propertyPath: m_LocalRotation.z
      value: -0
      objectReference: {fileID: 0}
    - target: {fileID: 1717710791780016157, guid: 10d4ee2e07ed6c043bcfb109fd37b49a, type: 3}
      propertyPath: m_LocalEulerAnglesHint.x
      value: 0
      objectReference: {fileID: 0}
    - target: {fileID: 1717710791780016157, guid: 10d4ee2e07ed6c043bcfb109fd37b49a, type: 3}
      propertyPath: m_LocalEulerAnglesHint.y
      value: 90
      objectReference: {fileID: 0}
    - target: {fileID: 1717710791780016157, guid: 10d4ee2e07ed6c043bcfb109fd37b49a, type: 3}
      propertyPath: m_LocalEulerAnglesHint.z
      value: 0
      objectReference: {fileID: 0}
    - target: {fileID: 6017100943722803059, guid: 10d4ee2e07ed6c043bcfb109fd37b49a, type: 3}
      propertyPath: m_Name
      value: Toilet_Apt_01
      objectReference: {fileID: 0}
    m_RemovedComponents: []
    m_RemovedGameObjects: []
    m_AddedGameObjects: []
    m_AddedComponents: []
  m_SourcePrefab: {fileID: 100100000, guid: 10d4ee2e07ed6c043bcfb109fd37b49a, type: 3}
--- !u!4 &3872643169220238811 stripped
Transform:
  m_CorrespondingSourceObject: {fileID: 1717710791780016157, guid: 10d4ee2e07ed6c043bcfb109fd37b49a, type: 3}
  m_PrefabInstance: {fileID: 2479491822537162182}
  m_PrefabAsset: {fileID: 0}
--- !u!1001 &2588352540660609974
PrefabInstance:
  m_ObjectHideFlags: 0
  serializedVersion: 2
  m_Modification:
    serializedVersion: 3
    m_TransformParent: {fileID: 8700448419938380796}
    m_Modifications:
    - target: {fileID: 3701382537063904497, guid: a21b031050e1345409177a5cf15ec3b4, type: 3}
      propertyPath: m_RootOrder
      value: -1
      objectReference: {fileID: 0}
    - target: {fileID: 3701382537063904497, guid: a21b031050e1345409177a5cf15ec3b4, type: 3}
      propertyPath: m_LocalPosition.x
      value: -0.93200004
      objectReference: {fileID: 0}
    - target: {fileID: 3701382537063904497, guid: a21b031050e1345409177a5cf15ec3b4, type: 3}
      propertyPath: m_LocalPosition.y
      value: 0.023946166
      objectReference: {fileID: 0}
    - target: {fileID: 3701382537063904497, guid: a21b031050e1345409177a5cf15ec3b4, type: 3}
      propertyPath: m_LocalPosition.z
      value: 3.629
      objectReference: {fileID: 0}
    - target: {fileID: 3701382537063904497, guid: a21b031050e1345409177a5cf15ec3b4, type: 3}
      propertyPath: m_LocalRotation.w
      value: 0.7071068
      objectReference: {fileID: 0}
    - target: {fileID: 3701382537063904497, guid: a21b031050e1345409177a5cf15ec3b4, type: 3}
      propertyPath: m_LocalRotation.x
      value: -0
      objectReference: {fileID: 0}
    - target: {fileID: 3701382537063904497, guid: a21b031050e1345409177a5cf15ec3b4, type: 3}
      propertyPath: m_LocalRotation.y
      value: 0.7071068
      objectReference: {fileID: 0}
    - target: {fileID: 3701382537063904497, guid: a21b031050e1345409177a5cf15ec3b4, type: 3}
      propertyPath: m_LocalRotation.z
      value: -0
      objectReference: {fileID: 0}
    - target: {fileID: 3701382537063904497, guid: a21b031050e1345409177a5cf15ec3b4, type: 3}
      propertyPath: m_LocalEulerAnglesHint.x
      value: 0
      objectReference: {fileID: 0}
    - target: {fileID: 3701382537063904497, guid: a21b031050e1345409177a5cf15ec3b4, type: 3}
      propertyPath: m_LocalEulerAnglesHint.y
      value: 90
      objectReference: {fileID: 0}
    - target: {fileID: 3701382537063904497, guid: a21b031050e1345409177a5cf15ec3b4, type: 3}
      propertyPath: m_LocalEulerAnglesHint.z
      value: 0
      objectReference: {fileID: 0}
    - target: {fileID: 6661250034284431727, guid: a21b031050e1345409177a5cf15ec3b4, type: 3}
      propertyPath: m_Name
      value: BR_Vanity_01
      objectReference: {fileID: 0}
    m_RemovedComponents:
    - {fileID: 4354149087107697065, guid: a21b031050e1345409177a5cf15ec3b4, type: 3}
    - {fileID: 5592729497134386355, guid: a21b031050e1345409177a5cf15ec3b4, type: 3}
    - {fileID: 7412804684765710881, guid: a21b031050e1345409177a5cf15ec3b4, type: 3}
    - {fileID: 7412804685454077985, guid: a21b031050e1345409177a5cf15ec3b4, type: 3}
    - {fileID: 7412804685860430163, guid: a21b031050e1345409177a5cf15ec3b4, type: 3}
    m_RemovedGameObjects: []
    m_AddedGameObjects: []
    m_AddedComponents: []
  m_SourcePrefab: {fileID: 100100000, guid: a21b031050e1345409177a5cf15ec3b4, type: 3}
--- !u!4 &1204254552284006215 stripped
Transform:
  m_CorrespondingSourceObject: {fileID: 3701382537063904497, guid: a21b031050e1345409177a5cf15ec3b4, type: 3}
  m_PrefabInstance: {fileID: 2588352540660609974}
  m_PrefabAsset: {fileID: 0}
--- !u!1001 &2653332447352316735
PrefabInstance:
  m_ObjectHideFlags: 0
  serializedVersion: 2
  m_Modification:
    serializedVersion: 3
    m_TransformParent: {fileID: 8700448419938380796}
    m_Modifications:
    - target: {fileID: 8715019783156025454, guid: 6ad7ae35911007741856dfec75c6ab59, type: 3}
      propertyPath: m_Name
      value: Sculpture_apt_02_04
      objectReference: {fileID: 0}
    - target: {fileID: 8715019783156025455, guid: 6ad7ae35911007741856dfec75c6ab59, type: 3}
      propertyPath: m_RootOrder
      value: -1
      objectReference: {fileID: 0}
    - target: {fileID: 8715019783156025455, guid: 6ad7ae35911007741856dfec75c6ab59, type: 3}
      propertyPath: m_LocalPosition.x
      value: -4.8526225
      objectReference: {fileID: 0}
    - target: {fileID: 8715019783156025455, guid: 6ad7ae35911007741856dfec75c6ab59, type: 3}
      propertyPath: m_LocalPosition.y
      value: 1.2832396
      objectReference: {fileID: 0}
    - target: {fileID: 8715019783156025455, guid: 6ad7ae35911007741856dfec75c6ab59, type: 3}
      propertyPath: m_LocalPosition.z
      value: 10.428685
      objectReference: {fileID: 0}
    - target: {fileID: 8715019783156025455, guid: 6ad7ae35911007741856dfec75c6ab59, type: 3}
      propertyPath: m_LocalRotation.w
      value: 1
      objectReference: {fileID: 0}
    - target: {fileID: 8715019783156025455, guid: 6ad7ae35911007741856dfec75c6ab59, type: 3}
      propertyPath: m_LocalRotation.x
      value: -0
      objectReference: {fileID: 0}
    - target: {fileID: 8715019783156025455, guid: 6ad7ae35911007741856dfec75c6ab59, type: 3}
      propertyPath: m_LocalRotation.y
      value: -0
      objectReference: {fileID: 0}
    - target: {fileID: 8715019783156025455, guid: 6ad7ae35911007741856dfec75c6ab59, type: 3}
      propertyPath: m_LocalRotation.z
      value: -0
      objectReference: {fileID: 0}
    - target: {fileID: 8715019783156025455, guid: 6ad7ae35911007741856dfec75c6ab59, type: 3}
      propertyPath: m_LocalEulerAnglesHint.x
      value: 0
      objectReference: {fileID: 0}
    - target: {fileID: 8715019783156025455, guid: 6ad7ae35911007741856dfec75c6ab59, type: 3}
      propertyPath: m_LocalEulerAnglesHint.y
      value: 0
      objectReference: {fileID: 0}
    - target: {fileID: 8715019783156025455, guid: 6ad7ae35911007741856dfec75c6ab59, type: 3}
      propertyPath: m_LocalEulerAnglesHint.z
      value: 0
      objectReference: {fileID: 0}
    m_RemovedComponents: []
    m_RemovedGameObjects: []
    m_AddedGameObjects: []
    m_AddedComponents: []
  m_SourcePrefab: {fileID: 100100000, guid: 6ad7ae35911007741856dfec75c6ab59, type: 3}
--- !u!4 &6639290584118307664 stripped
Transform:
  m_CorrespondingSourceObject: {fileID: 8715019783156025455, guid: 6ad7ae35911007741856dfec75c6ab59, type: 3}
  m_PrefabInstance: {fileID: 2653332447352316735}
  m_PrefabAsset: {fileID: 0}
--- !u!1001 &2670818598740726606
PrefabInstance:
  m_ObjectHideFlags: 0
  serializedVersion: 2
  m_Modification:
    serializedVersion: 3
    m_TransformParent: {fileID: 8700448419938380796}
    m_Modifications:
    - target: {fileID: 2003614675576326160, guid: c39a7487ae8768f46b4f6344ce704453, type: 3}
      propertyPath: m_Name
      value: BathroomMat_01
      objectReference: {fileID: 0}
    - target: {fileID: 2065881535484882948, guid: c39a7487ae8768f46b4f6344ce704453, type: 3}
      propertyPath: m_RootOrder
      value: -1
      objectReference: {fileID: 0}
    - target: {fileID: 2065881535484882948, guid: c39a7487ae8768f46b4f6344ce704453, type: 3}
      propertyPath: m_LocalPosition.x
      value: -0.78600013
      objectReference: {fileID: 0}
    - target: {fileID: 2065881535484882948, guid: c39a7487ae8768f46b4f6344ce704453, type: 3}
      propertyPath: m_LocalPosition.y
      value: 0.023946285
      objectReference: {fileID: 0}
    - target: {fileID: 2065881535484882948, guid: c39a7487ae8768f46b4f6344ce704453, type: 3}
      propertyPath: m_LocalPosition.z
      value: 1.636
      objectReference: {fileID: 0}
    - target: {fileID: 2065881535484882948, guid: c39a7487ae8768f46b4f6344ce704453, type: 3}
      propertyPath: m_LocalRotation.w
      value: 0.7071068
      objectReference: {fileID: 0}
    - target: {fileID: 2065881535484882948, guid: c39a7487ae8768f46b4f6344ce704453, type: 3}
      propertyPath: m_LocalRotation.x
      value: -0
      objectReference: {fileID: 0}
    - target: {fileID: 2065881535484882948, guid: c39a7487ae8768f46b4f6344ce704453, type: 3}
      propertyPath: m_LocalRotation.y
      value: 0.7071068
      objectReference: {fileID: 0}
    - target: {fileID: 2065881535484882948, guid: c39a7487ae8768f46b4f6344ce704453, type: 3}
      propertyPath: m_LocalRotation.z
      value: -0
      objectReference: {fileID: 0}
    - target: {fileID: 2065881535484882948, guid: c39a7487ae8768f46b4f6344ce704453, type: 3}
      propertyPath: m_LocalEulerAnglesHint.x
      value: 0
      objectReference: {fileID: 0}
    - target: {fileID: 2065881535484882948, guid: c39a7487ae8768f46b4f6344ce704453, type: 3}
      propertyPath: m_LocalEulerAnglesHint.y
      value: 90
      objectReference: {fileID: 0}
    - target: {fileID: 2065881535484882948, guid: c39a7487ae8768f46b4f6344ce704453, type: 3}
      propertyPath: m_LocalEulerAnglesHint.z
      value: 0
      objectReference: {fileID: 0}
    m_RemovedComponents: []
    m_RemovedGameObjects: []
    m_AddedGameObjects: []
    m_AddedComponents: []
  m_SourcePrefab: {fileID: 100100000, guid: c39a7487ae8768f46b4f6344ce704453, type: 3}
--- !u!4 &4160159555255264074 stripped
Transform:
  m_CorrespondingSourceObject: {fileID: 2065881535484882948, guid: c39a7487ae8768f46b4f6344ce704453, type: 3}
  m_PrefabInstance: {fileID: 2670818598740726606}
  m_PrefabAsset: {fileID: 0}
--- !u!1001 &3428206512293773743
PrefabInstance:
  m_ObjectHideFlags: 0
  serializedVersion: 2
  m_Modification:
    serializedVersion: 3
    m_TransformParent: {fileID: 8700448419938380796}
    m_Modifications:
    - target: {fileID: 2805616125457797558, guid: cb533d6f7329a744fb5c0396de1b8b4b, type: 3}
      propertyPath: m_Name
      value: BathTub_Base_01
      objectReference: {fileID: 0}
    - target: {fileID: 3209985534107503491, guid: cb533d6f7329a744fb5c0396de1b8b4b, type: 3}
      propertyPath: m_LocalPosition.x
      value: 0.011608988
      objectReference: {fileID: 0}
    - target: {fileID: 3209985534107503491, guid: cb533d6f7329a744fb5c0396de1b8b4b, type: 3}
      propertyPath: m_LocalPosition.z
      value: 1.6045032
      objectReference: {fileID: 0}
    - target: {fileID: 6809806112944075676, guid: cb533d6f7329a744fb5c0396de1b8b4b, type: 3}
      propertyPath: m_LocalRotation.w
      value: 1
      objectReference: {fileID: 0}
    - target: {fileID: 6809806112944075676, guid: cb533d6f7329a744fb5c0396de1b8b4b, type: 3}
      propertyPath: m_LocalRotation.y
      value: 0
      objectReference: {fileID: 0}
    - target: {fileID: 6809806112944075676, guid: cb533d6f7329a744fb5c0396de1b8b4b, type: 3}
      propertyPath: m_LocalRotation.z
      value: 0
      objectReference: {fileID: 0}
    - target: {fileID: 6809806112944075676, guid: cb533d6f7329a744fb5c0396de1b8b4b, type: 3}
      propertyPath: m_LocalEulerAnglesHint.y
      value: 0
      objectReference: {fileID: 0}
    - target: {fileID: 9160075805504388056, guid: cb533d6f7329a744fb5c0396de1b8b4b, type: 3}
      propertyPath: m_RootOrder
      value: -1
      objectReference: {fileID: 0}
    - target: {fileID: 9160075805504388056, guid: cb533d6f7329a744fb5c0396de1b8b4b, type: 3}
      propertyPath: m_LocalPosition.x
      value: 0
      objectReference: {fileID: 0}
    - target: {fileID: 9160075805504388056, guid: cb533d6f7329a744fb5c0396de1b8b4b, type: 3}
      propertyPath: m_LocalPosition.y
      value: 0
      objectReference: {fileID: 0}
    - target: {fileID: 9160075805504388056, guid: cb533d6f7329a744fb5c0396de1b8b4b, type: 3}
      propertyPath: m_LocalPosition.z
      value: 0
      objectReference: {fileID: 0}
    - target: {fileID: 9160075805504388056, guid: cb533d6f7329a744fb5c0396de1b8b4b, type: 3}
      propertyPath: m_LocalRotation.w
      value: 0.7071068
      objectReference: {fileID: 0}
    - target: {fileID: 9160075805504388056, guid: cb533d6f7329a744fb5c0396de1b8b4b, type: 3}
      propertyPath: m_LocalRotation.x
      value: -0
      objectReference: {fileID: 0}
    - target: {fileID: 9160075805504388056, guid: cb533d6f7329a744fb5c0396de1b8b4b, type: 3}
      propertyPath: m_LocalRotation.y
      value: -0.7071068
      objectReference: {fileID: 0}
    - target: {fileID: 9160075805504388056, guid: cb533d6f7329a744fb5c0396de1b8b4b, type: 3}
      propertyPath: m_LocalRotation.z
      value: -0
      objectReference: {fileID: 0}
    - target: {fileID: 9160075805504388056, guid: cb533d6f7329a744fb5c0396de1b8b4b, type: 3}
      propertyPath: m_LocalEulerAnglesHint.x
      value: 0
      objectReference: {fileID: 0}
    - target: {fileID: 9160075805504388056, guid: cb533d6f7329a744fb5c0396de1b8b4b, type: 3}
      propertyPath: m_LocalEulerAnglesHint.y
      value: -90
      objectReference: {fileID: 0}
    - target: {fileID: 9160075805504388056, guid: cb533d6f7329a744fb5c0396de1b8b4b, type: 3}
      propertyPath: m_LocalEulerAnglesHint.z
      value: 0
      objectReference: {fileID: 0}
    m_RemovedComponents:
    - {fileID: 6976062566496198565, guid: cb533d6f7329a744fb5c0396de1b8b4b, type: 3}
    m_RemovedGameObjects: []
    m_AddedGameObjects: []
    m_AddedComponents: []
  m_SourcePrefab: {fileID: 100100000, guid: cb533d6f7329a744fb5c0396de1b8b4b, type: 3}
--- !u!4 &5804101711787113079 stripped
Transform:
  m_CorrespondingSourceObject: {fileID: 9160075805504388056, guid: cb533d6f7329a744fb5c0396de1b8b4b, type: 3}
  m_PrefabInstance: {fileID: 3428206512293773743}
  m_PrefabAsset: {fileID: 0}
--- !u!1001 &3532876035443282308
PrefabInstance:
  m_ObjectHideFlags: 0
  serializedVersion: 2
  m_Modification:
    serializedVersion: 3
    m_TransformParent: {fileID: 8700448419938380796}
    m_Modifications:
    - target: {fileID: 5429839040596735769, guid: 642a2cb4532c08a4db221317e2019f62, type: 3}
      propertyPath: m_Name
      value: Shower_Faucet_01
      objectReference: {fileID: 0}
    - target: {fileID: 7583705243186315935, guid: 642a2cb4532c08a4db221317e2019f62, type: 3}
      propertyPath: m_RootOrder
      value: -1
      objectReference: {fileID: 0}
    - target: {fileID: 7583705243186315935, guid: 642a2cb4532c08a4db221317e2019f62, type: 3}
      propertyPath: m_LocalPosition.x
      value: 1.683
      objectReference: {fileID: 0}
    - target: {fileID: 7583705243186315935, guid: 642a2cb4532c08a4db221317e2019f62, type: 3}
      propertyPath: m_LocalPosition.y
      value: 1.1423416
      objectReference: {fileID: 0}
    - target: {fileID: 7583705243186315935, guid: 642a2cb4532c08a4db221317e2019f62, type: 3}
      propertyPath: m_LocalPosition.z
      value: 0.0236969
      objectReference: {fileID: 0}
    - target: {fileID: 7583705243186315935, guid: 642a2cb4532c08a4db221317e2019f62, type: 3}
      propertyPath: m_LocalRotation.w
      value: 0
      objectReference: {fileID: 0}
    - target: {fileID: 7583705243186315935, guid: 642a2cb4532c08a4db221317e2019f62, type: 3}
      propertyPath: m_LocalRotation.x
      value: -0
      objectReference: {fileID: 0}
    - target: {fileID: 7583705243186315935, guid: 642a2cb4532c08a4db221317e2019f62, type: 3}
      propertyPath: m_LocalRotation.y
      value: 1
      objectReference: {fileID: 0}
    - target: {fileID: 7583705243186315935, guid: 642a2cb4532c08a4db221317e2019f62, type: 3}
      propertyPath: m_LocalRotation.z
      value: -0
      objectReference: {fileID: 0}
    - target: {fileID: 7583705243186315935, guid: 642a2cb4532c08a4db221317e2019f62, type: 3}
      propertyPath: m_LocalEulerAnglesHint.x
      value: 0
      objectReference: {fileID: 0}
    - target: {fileID: 7583705243186315935, guid: 642a2cb4532c08a4db221317e2019f62, type: 3}
      propertyPath: m_LocalEulerAnglesHint.y
      value: 180
      objectReference: {fileID: 0}
    - target: {fileID: 7583705243186315935, guid: 642a2cb4532c08a4db221317e2019f62, type: 3}
      propertyPath: m_LocalEulerAnglesHint.z
      value: 0
      objectReference: {fileID: 0}
    m_RemovedComponents: []
    m_RemovedGameObjects: []
    m_AddedGameObjects: []
    m_AddedComponents: []
  m_SourcePrefab: {fileID: 100100000, guid: 642a2cb4532c08a4db221317e2019f62, type: 3}
--- !u!4 &6357384702641640219 stripped
Transform:
  m_CorrespondingSourceObject: {fileID: 7583705243186315935, guid: 642a2cb4532c08a4db221317e2019f62, type: 3}
  m_PrefabInstance: {fileID: 3532876035443282308}
  m_PrefabAsset: {fileID: 0}
--- !u!1001 &4857065405291103972
PrefabInstance:
  m_ObjectHideFlags: 0
  serializedVersion: 2
  m_Modification:
    serializedVersion: 3
    m_TransformParent: {fileID: 8700448419938380796}
    m_Modifications:
    - target: {fileID: 1734684919744719291, guid: 3f38091ec14910c4c8b8af3bab31b1bf, type: 3}
      propertyPath: m_RootOrder
      value: -1
      objectReference: {fileID: 0}
    - target: {fileID: 1734684919744719291, guid: 3f38091ec14910c4c8b8af3bab31b1bf, type: 3}
      propertyPath: m_LocalPosition.x
      value: -4.358
      objectReference: {fileID: 0}
    - target: {fileID: 1734684919744719291, guid: 3f38091ec14910c4c8b8af3bab31b1bf, type: 3}
      propertyPath: m_LocalPosition.y
      value: 0.023946166
      objectReference: {fileID: 0}
    - target: {fileID: 1734684919744719291, guid: 3f38091ec14910c4c8b8af3bab31b1bf, type: 3}
      propertyPath: m_LocalPosition.z
      value: 10.478
      objectReference: {fileID: 0}
    - target: {fileID: 1734684919744719291, guid: 3f38091ec14910c4c8b8af3bab31b1bf, type: 3}
      propertyPath: m_LocalRotation.w
      value: 0.7071068
      objectReference: {fileID: 0}
    - target: {fileID: 1734684919744719291, guid: 3f38091ec14910c4c8b8af3bab31b1bf, type: 3}
      propertyPath: m_LocalRotation.x
      value: 0
      objectReference: {fileID: 0}
    - target: {fileID: 1734684919744719291, guid: 3f38091ec14910c4c8b8af3bab31b1bf, type: 3}
      propertyPath: m_LocalRotation.y
      value: 0.7071068
      objectReference: {fileID: 0}
    - target: {fileID: 1734684919744719291, guid: 3f38091ec14910c4c8b8af3bab31b1bf, type: 3}
      propertyPath: m_LocalRotation.z
      value: 0
      objectReference: {fileID: 0}
    - target: {fileID: 1734684919744719291, guid: 3f38091ec14910c4c8b8af3bab31b1bf, type: 3}
      propertyPath: m_LocalEulerAnglesHint.x
      value: 0
      objectReference: {fileID: 0}
    - target: {fileID: 1734684919744719291, guid: 3f38091ec14910c4c8b8af3bab31b1bf, type: 3}
      propertyPath: m_LocalEulerAnglesHint.y
      value: 90
      objectReference: {fileID: 0}
    - target: {fileID: 1734684919744719291, guid: 3f38091ec14910c4c8b8af3bab31b1bf, type: 3}
      propertyPath: m_LocalEulerAnglesHint.z
      value: 0
      objectReference: {fileID: 0}
    - target: {fileID: 7043932511323071429, guid: 3f38091ec14910c4c8b8af3bab31b1bf, type: 3}
      propertyPath: m_Name
      value: Dresser_Apt_01
      objectReference: {fileID: 0}
    m_RemovedComponents:
    - {fileID: 9171167516435274755, guid: 3f38091ec14910c4c8b8af3bab31b1bf, type: 3}
    - {fileID: 9171167515581396726, guid: 3f38091ec14910c4c8b8af3bab31b1bf, type: 3}
    - {fileID: 9171167516085824493, guid: 3f38091ec14910c4c8b8af3bab31b1bf, type: 3}
    - {fileID: 9171167516444267714, guid: 3f38091ec14910c4c8b8af3bab31b1bf, type: 3}
    - {fileID: 9171167516730836759, guid: 3f38091ec14910c4c8b8af3bab31b1bf, type: 3}
    - {fileID: 9171167516216562196, guid: 3f38091ec14910c4c8b8af3bab31b1bf, type: 3}
    m_RemovedGameObjects: []
    m_AddedGameObjects: []
    m_AddedComponents: []
  m_SourcePrefab: {fileID: 100100000, guid: 3f38091ec14910c4c8b8af3bab31b1bf, type: 3}
--- !u!4 &6590197814480564063 stripped
Transform:
  m_CorrespondingSourceObject: {fileID: 1734684919744719291, guid: 3f38091ec14910c4c8b8af3bab31b1bf, type: 3}
  m_PrefabInstance: {fileID: 4857065405291103972}
  m_PrefabAsset: {fileID: 0}
--- !u!1001 &5267419430329280974
PrefabInstance:
  m_ObjectHideFlags: 0
  serializedVersion: 2
  m_Modification:
    serializedVersion: 3
    m_TransformParent: {fileID: 8700448419938380796}
    m_Modifications:
    - target: {fileID: 3386719459365879084, guid: dd22d3cb5edddc54fb43d88c8b0da7d5, type: 3}
      propertyPath: m_RootOrder
      value: -1
      objectReference: {fileID: 0}
    - target: {fileID: 3386719459365879084, guid: dd22d3cb5edddc54fb43d88c8b0da7d5, type: 3}
      propertyPath: m_LocalPosition.x
      value: -2.3307772
      objectReference: {fileID: 0}
    - target: {fileID: 3386719459365879084, guid: dd22d3cb5edddc54fb43d88c8b0da7d5, type: 3}
      propertyPath: m_LocalPosition.y
      value: 2.1703982
      objectReference: {fileID: 0}
    - target: {fileID: 3386719459365879084, guid: dd22d3cb5edddc54fb43d88c8b0da7d5, type: 3}
      propertyPath: m_LocalPosition.z
      value: 3.941
      objectReference: {fileID: 0}
    - target: {fileID: 3386719459365879084, guid: dd22d3cb5edddc54fb43d88c8b0da7d5, type: 3}
      propertyPath: m_LocalRotation.w
      value: 0.7071068
      objectReference: {fileID: 0}
    - target: {fileID: 3386719459365879084, guid: dd22d3cb5edddc54fb43d88c8b0da7d5, type: 3}
      propertyPath: m_LocalRotation.x
      value: -0
      objectReference: {fileID: 0}
    - target: {fileID: 3386719459365879084, guid: dd22d3cb5edddc54fb43d88c8b0da7d5, type: 3}
      propertyPath: m_LocalRotation.y
      value: 0.7071068
      objectReference: {fileID: 0}
    - target: {fileID: 3386719459365879084, guid: dd22d3cb5edddc54fb43d88c8b0da7d5, type: 3}
      propertyPath: m_LocalRotation.z
      value: -0
      objectReference: {fileID: 0}
    - target: {fileID: 3386719459365879084, guid: dd22d3cb5edddc54fb43d88c8b0da7d5, type: 3}
      propertyPath: m_LocalEulerAnglesHint.x
      value: 0
      objectReference: {fileID: 0}
    - target: {fileID: 3386719459365879084, guid: dd22d3cb5edddc54fb43d88c8b0da7d5, type: 3}
      propertyPath: m_LocalEulerAnglesHint.y
      value: 90
      objectReference: {fileID: 0}
    - target: {fileID: 3386719459365879084, guid: dd22d3cb5edddc54fb43d88c8b0da7d5, type: 3}
      propertyPath: m_LocalEulerAnglesHint.z
      value: 0
      objectReference: {fileID: 0}
    - target: {fileID: 6074021452604995049, guid: dd22d3cb5edddc54fb43d88c8b0da7d5, type: 3}
      propertyPath: m_Name
      value: TowelRack_Apt_02
      objectReference: {fileID: 0}
    m_RemovedComponents: []
    m_RemovedGameObjects: []
    m_AddedGameObjects: []
    m_AddedComponents: []
  m_SourcePrefab: {fileID: 100100000, guid: dd22d3cb5edddc54fb43d88c8b0da7d5, type: 3}
--- !u!4 &7357097798118118626 stripped
Transform:
  m_CorrespondingSourceObject: {fileID: 3386719459365879084, guid: dd22d3cb5edddc54fb43d88c8b0da7d5, type: 3}
  m_PrefabInstance: {fileID: 5267419430329280974}
  m_PrefabAsset: {fileID: 0}
--- !u!1001 &6652709941159073834
PrefabInstance:
  m_ObjectHideFlags: 0
  serializedVersion: 2
  m_Modification:
    serializedVersion: 3
    m_TransformParent: {fileID: 8700448419938380796}
    m_Modifications:
    - target: {fileID: 417335433974673845, guid: 2c53d7677acbaf34b81c7da75f0544ff, type: 3}
      propertyPath: m_Name
      value: Shower_Handel_01
      objectReference: {fileID: 0}
    - target: {fileID: 9105235693961311738, guid: 2c53d7677acbaf34b81c7da75f0544ff, type: 3}
      propertyPath: m_RootOrder
      value: -1
      objectReference: {fileID: 0}
    - target: {fileID: 9105235693961311738, guid: 2c53d7677acbaf34b81c7da75f0544ff, type: 3}
      propertyPath: m_LocalPosition.x
      value: 1.685
      objectReference: {fileID: 0}
    - target: {fileID: 9105235693961311738, guid: 2c53d7677acbaf34b81c7da75f0544ff, type: 3}
      propertyPath: m_LocalPosition.y
      value: 1.6453983
      objectReference: {fileID: 0}
    - target: {fileID: 9105235693961311738, guid: 2c53d7677acbaf34b81c7da75f0544ff, type: 3}
      propertyPath: m_LocalPosition.z
      value: 0.012480259
      objectReference: {fileID: 0}
    - target: {fileID: 9105235693961311738, guid: 2c53d7677acbaf34b81c7da75f0544ff, type: 3}
      propertyPath: m_LocalRotation.w
      value: 0
      objectReference: {fileID: 0}
    - target: {fileID: 9105235693961311738, guid: 2c53d7677acbaf34b81c7da75f0544ff, type: 3}
      propertyPath: m_LocalRotation.x
      value: -0
      objectReference: {fileID: 0}
    - target: {fileID: 9105235693961311738, guid: 2c53d7677acbaf34b81c7da75f0544ff, type: 3}
      propertyPath: m_LocalRotation.y
      value: 1
      objectReference: {fileID: 0}
    - target: {fileID: 9105235693961311738, guid: 2c53d7677acbaf34b81c7da75f0544ff, type: 3}
      propertyPath: m_LocalRotation.z
      value: -0
      objectReference: {fileID: 0}
    - target: {fileID: 9105235693961311738, guid: 2c53d7677acbaf34b81c7da75f0544ff, type: 3}
      propertyPath: m_LocalEulerAnglesHint.x
      value: 0
      objectReference: {fileID: 0}
    - target: {fileID: 9105235693961311738, guid: 2c53d7677acbaf34b81c7da75f0544ff, type: 3}
      propertyPath: m_LocalEulerAnglesHint.y
      value: 180
      objectReference: {fileID: 0}
    - target: {fileID: 9105235693961311738, guid: 2c53d7677acbaf34b81c7da75f0544ff, type: 3}
      propertyPath: m_LocalEulerAnglesHint.z
      value: 0
      objectReference: {fileID: 0}
    m_RemovedComponents: []
    m_RemovedGameObjects: []
    m_AddedGameObjects: []
    m_AddedComponents: []
  m_SourcePrefab: {fileID: 100100000, guid: 2c53d7677acbaf34b81c7da75f0544ff, type: 3}
--- !u!4 &2454294596435996112 stripped
Transform:
  m_CorrespondingSourceObject: {fileID: 9105235693961311738, guid: 2c53d7677acbaf34b81c7da75f0544ff, type: 3}
  m_PrefabInstance: {fileID: 6652709941159073834}
  m_PrefabAsset: {fileID: 0}
--- !u!1001 &7383598457687588497
PrefabInstance:
  m_ObjectHideFlags: 0
  serializedVersion: 2
  m_Modification:
    serializedVersion: 3
    m_TransformParent: {fileID: 8700448419938380796}
    m_Modifications:
    - target: {fileID: 853864459299421544, guid: 4fd059785718649499a344b0c22ecd22, type: 3}
      propertyPath: m_RootOrder
      value: -1
      objectReference: {fileID: 0}
    - target: {fileID: 853864459299421544, guid: 4fd059785718649499a344b0c22ecd22, type: 3}
      propertyPath: m_LocalPosition.x
      value: -0.877
      objectReference: {fileID: 0}
    - target: {fileID: 853864459299421544, guid: 4fd059785718649499a344b0c22ecd22, type: 3}
      propertyPath: m_LocalPosition.y
      value: 2.3073983
      objectReference: {fileID: 0}
    - target: {fileID: 853864459299421544, guid: 4fd059785718649499a344b0c22ecd22, type: 3}
      propertyPath: m_LocalPosition.z
      value: 3.946
      objectReference: {fileID: 0}
    - target: {fileID: 853864459299421544, guid: 4fd059785718649499a344b0c22ecd22, type: 3}
      propertyPath: m_LocalRotation.w
      value: 0.7071068
      objectReference: {fileID: 0}
    - target: {fileID: 853864459299421544, guid: 4fd059785718649499a344b0c22ecd22, type: 3}
      propertyPath: m_LocalRotation.x
      value: -0
      objectReference: {fileID: 0}
    - target: {fileID: 853864459299421544, guid: 4fd059785718649499a344b0c22ecd22, type: 3}
      propertyPath: m_LocalRotation.y
      value: 0.7071068
      objectReference: {fileID: 0}
    - target: {fileID: 853864459299421544, guid: 4fd059785718649499a344b0c22ecd22, type: 3}
      propertyPath: m_LocalRotation.z
      value: -0
      objectReference: {fileID: 0}
    - target: {fileID: 853864459299421544, guid: 4fd059785718649499a344b0c22ecd22, type: 3}
      propertyPath: m_LocalEulerAnglesHint.x
      value: 0
      objectReference: {fileID: 0}
    - target: {fileID: 853864459299421544, guid: 4fd059785718649499a344b0c22ecd22, type: 3}
      propertyPath: m_LocalEulerAnglesHint.y
      value: 90
      objectReference: {fileID: 0}
    - target: {fileID: 853864459299421544, guid: 4fd059785718649499a344b0c22ecd22, type: 3}
      propertyPath: m_LocalEulerAnglesHint.z
      value: 0
      objectReference: {fileID: 0}
    - target: {fileID: 8744966972566177895, guid: 4fd059785718649499a344b0c22ecd22, type: 3}
      propertyPath: m_Name
      value: BR_Cabinet_01
      objectReference: {fileID: 0}
    m_RemovedComponents:
    - {fileID: 2539940527647856536, guid: 4fd059785718649499a344b0c22ecd22, type: 3}
    - {fileID: 4879106458403398592, guid: 4fd059785718649499a344b0c22ecd22, type: 3}
    - {fileID: 3500244799234168616, guid: 4fd059785718649499a344b0c22ecd22, type: 3}
    m_RemovedGameObjects: []
    m_AddedGameObjects: []
    m_AddedComponents: []
  m_SourcePrefab: {fileID: 100100000, guid: 4fd059785718649499a344b0c22ecd22, type: 3}
--- !u!4 &7903332043793646585 stripped
Transform:
  m_CorrespondingSourceObject: {fileID: 853864459299421544, guid: 4fd059785718649499a344b0c22ecd22, type: 3}
  m_PrefabInstance: {fileID: 7383598457687588497}
  m_PrefabAsset: {fileID: 0}
--- !u!1001 &7389392196168480278
PrefabInstance:
  m_ObjectHideFlags: 0
  serializedVersion: 2
  m_Modification:
    serializedVersion: 3
    m_TransformParent: {fileID: 8700448419938380796}
    m_Modifications:
    - target: {fileID: 117895243694500892, guid: 3e7be61a66e072c44bc2cc6bbee79f45, type: 3}
      propertyPath: m_Name
      value: Lamp_Table_Apt_01
      objectReference: {fileID: 0}
    - target: {fileID: 6124730947378653682, guid: 3e7be61a66e072c44bc2cc6bbee79f45, type: 3}
      propertyPath: m_RootOrder
      value: -1
      objectReference: {fileID: 0}
    - target: {fileID: 6124730947378653682, guid: 3e7be61a66e072c44bc2cc6bbee79f45, type: 3}
      propertyPath: m_LocalPosition.x
      value: -3.849062
      objectReference: {fileID: 0}
    - target: {fileID: 6124730947378653682, guid: 3e7be61a66e072c44bc2cc6bbee79f45, type: 3}
      propertyPath: m_LocalPosition.y
      value: 1.2832397
      objectReference: {fileID: 0}
    - target: {fileID: 6124730947378653682, guid: 3e7be61a66e072c44bc2cc6bbee79f45, type: 3}
      propertyPath: m_LocalPosition.z
      value: 10.446295
      objectReference: {fileID: 0}
    - target: {fileID: 6124730947378653682, guid: 3e7be61a66e072c44bc2cc6bbee79f45, type: 3}
      propertyPath: m_LocalRotation.w
      value: 1
      objectReference: {fileID: 0}
    - target: {fileID: 6124730947378653682, guid: 3e7be61a66e072c44bc2cc6bbee79f45, type: 3}
      propertyPath: m_LocalRotation.x
      value: -0
      objectReference: {fileID: 0}
    - target: {fileID: 6124730947378653682, guid: 3e7be61a66e072c44bc2cc6bbee79f45, type: 3}
      propertyPath: m_LocalRotation.y
      value: -0
      objectReference: {fileID: 0}
    - target: {fileID: 6124730947378653682, guid: 3e7be61a66e072c44bc2cc6bbee79f45, type: 3}
      propertyPath: m_LocalRotation.z
      value: -0
      objectReference: {fileID: 0}
    - target: {fileID: 6124730947378653682, guid: 3e7be61a66e072c44bc2cc6bbee79f45, type: 3}
      propertyPath: m_LocalEulerAnglesHint.x
      value: 0
      objectReference: {fileID: 0}
    - target: {fileID: 6124730947378653682, guid: 3e7be61a66e072c44bc2cc6bbee79f45, type: 3}
      propertyPath: m_LocalEulerAnglesHint.y
      value: 0
      objectReference: {fileID: 0}
    - target: {fileID: 6124730947378653682, guid: 3e7be61a66e072c44bc2cc6bbee79f45, type: 3}
      propertyPath: m_LocalEulerAnglesHint.z
      value: 0
      objectReference: {fileID: 0}
    m_RemovedComponents: []
    m_RemovedGameObjects: []
    m_AddedGameObjects: []
    m_AddedComponents: []
  m_SourcePrefab: {fileID: 100100000, guid: 3e7be61a66e072c44bc2cc6bbee79f45, type: 3}
--- !u!4 &3635266184413372388 stripped
Transform:
  m_CorrespondingSourceObject: {fileID: 6124730947378653682, guid: 3e7be61a66e072c44bc2cc6bbee79f45, type: 3}
  m_PrefabInstance: {fileID: 7389392196168480278}
  m_PrefabAsset: {fileID: 0}
--- !u!1001 &7517298344427475515
PrefabInstance:
  m_ObjectHideFlags: 0
  serializedVersion: 2
  m_Modification:
    serializedVersion: 3
    m_TransformParent: {fileID: 8700448419938380796}
    m_Modifications:
    - target: {fileID: 8066954953834241900, guid: 0c194d566209b524bb98efa3b5f1563e, type: 3}
      propertyPath: m_Name
      value: TowelRack_Apt_01
      objectReference: {fileID: 0}
    - target: {fileID: 8626874217923820866, guid: 0c194d566209b524bb98efa3b5f1563e, type: 3}
      propertyPath: m_RootOrder
      value: -1
      objectReference: {fileID: 0}
    - target: {fileID: 8626874217923820866, guid: 0c194d566209b524bb98efa3b5f1563e, type: 3}
      propertyPath: m_LocalPosition.x
      value: 0.60800004
      objectReference: {fileID: 0}
    - target: {fileID: 8626874217923820866, guid: 0c194d566209b524bb98efa3b5f1563e, type: 3}
      propertyPath: m_LocalPosition.y
      value: 2.0228624
      objectReference: {fileID: 0}
    - target: {fileID: 8626874217923820866, guid: 0c194d566209b524bb98efa3b5f1563e, type: 3}
      propertyPath: m_LocalPosition.z
      value: 3.9390001
      objectReference: {fileID: 0}
    - target: {fileID: 8626874217923820866, guid: 0c194d566209b524bb98efa3b5f1563e, type: 3}
      propertyPath: m_LocalRotation.w
      value: 0.7071068
      objectReference: {fileID: 0}
    - target: {fileID: 8626874217923820866, guid: 0c194d566209b524bb98efa3b5f1563e, type: 3}
      propertyPath: m_LocalRotation.x
      value: -0
      objectReference: {fileID: 0}
    - target: {fileID: 8626874217923820866, guid: 0c194d566209b524bb98efa3b5f1563e, type: 3}
      propertyPath: m_LocalRotation.y
      value: 0.7071068
      objectReference: {fileID: 0}
    - target: {fileID: 8626874217923820866, guid: 0c194d566209b524bb98efa3b5f1563e, type: 3}
      propertyPath: m_LocalRotation.z
      value: -0
      objectReference: {fileID: 0}
    - target: {fileID: 8626874217923820866, guid: 0c194d566209b524bb98efa3b5f1563e, type: 3}
      propertyPath: m_LocalEulerAnglesHint.x
      value: 0
      objectReference: {fileID: 0}
    - target: {fileID: 8626874217923820866, guid: 0c194d566209b524bb98efa3b5f1563e, type: 3}
      propertyPath: m_LocalEulerAnglesHint.y
      value: 90
      objectReference: {fileID: 0}
    - target: {fileID: 8626874217923820866, guid: 0c194d566209b524bb98efa3b5f1563e, type: 3}
      propertyPath: m_LocalEulerAnglesHint.z
      value: 0
      objectReference: {fileID: 0}
    m_RemovedComponents: []
    m_RemovedGameObjects: []
    m_AddedGameObjects: []
    m_AddedComponents: []
  m_SourcePrefab: {fileID: 100100000, guid: 0c194d566209b524bb98efa3b5f1563e, type: 3}
--- !u!4 &2299685060987088761 stripped
Transform:
  m_CorrespondingSourceObject: {fileID: 8626874217923820866, guid: 0c194d566209b524bb98efa3b5f1563e, type: 3}
  m_PrefabInstance: {fileID: 7517298344427475515}
  m_PrefabAsset: {fileID: 0}
--- !u!1001 &7638023409024973626
PrefabInstance:
  m_ObjectHideFlags: 0
  serializedVersion: 2
  m_Modification:
    serializedVersion: 3
    m_TransformParent: {fileID: 8700448419938380796}
    m_Modifications:
    - target: {fileID: 55306885661601203, guid: 708f360dca4c28243813704f811ad080, type: 3}
      propertyPath: m_RootOrder
      value: -1
      objectReference: {fileID: 0}
    - target: {fileID: 55306885661601203, guid: 708f360dca4c28243813704f811ad080, type: 3}
      propertyPath: m_LocalPosition.x
      value: 1.693
      objectReference: {fileID: 0}
    - target: {fileID: 55306885661601203, guid: 708f360dca4c28243813704f811ad080, type: 3}
      propertyPath: m_LocalPosition.y
      value: 2.774311
      objectReference: {fileID: 0}
    - target: {fileID: 55306885661601203, guid: 708f360dca4c28243813704f811ad080, type: 3}
      propertyPath: m_LocalPosition.z
      value: -0.027675629
      objectReference: {fileID: 0}
    - target: {fileID: 55306885661601203, guid: 708f360dca4c28243813704f811ad080, type: 3}
      propertyPath: m_LocalRotation.w
      value: 0
      objectReference: {fileID: 0}
    - target: {fileID: 55306885661601203, guid: 708f360dca4c28243813704f811ad080, type: 3}
      propertyPath: m_LocalRotation.x
      value: -0
      objectReference: {fileID: 0}
    - target: {fileID: 55306885661601203, guid: 708f360dca4c28243813704f811ad080, type: 3}
      propertyPath: m_LocalRotation.y
      value: 1
      objectReference: {fileID: 0}
    - target: {fileID: 55306885661601203, guid: 708f360dca4c28243813704f811ad080, type: 3}
      propertyPath: m_LocalRotation.z
      value: -0
      objectReference: {fileID: 0}
    - target: {fileID: 55306885661601203, guid: 708f360dca4c28243813704f811ad080, type: 3}
      propertyPath: m_LocalEulerAnglesHint.x
      value: 0
      objectReference: {fileID: 0}
    - target: {fileID: 55306885661601203, guid: 708f360dca4c28243813704f811ad080, type: 3}
      propertyPath: m_LocalEulerAnglesHint.y
      value: 180
      objectReference: {fileID: 0}
    - target: {fileID: 55306885661601203, guid: 708f360dca4c28243813704f811ad080, type: 3}
      propertyPath: m_LocalEulerAnglesHint.z
      value: 0
      objectReference: {fileID: 0}
    - target: {fileID: 3634569281090917015, guid: 708f360dca4c28243813704f811ad080, type: 3}
      propertyPath: m_Name
      value: Shower_Head_01
      objectReference: {fileID: 0}
    m_RemovedComponents: []
    m_RemovedGameObjects: []
    m_AddedGameObjects: []
    m_AddedComponents: []
  m_SourcePrefab: {fileID: 100100000, guid: 708f360dca4c28243813704f811ad080, type: 3}
--- !u!4 &7582874864058570377 stripped
Transform:
  m_CorrespondingSourceObject: {fileID: 55306885661601203, guid: 708f360dca4c28243813704f811ad080, type: 3}
  m_PrefabInstance: {fileID: 7638023409024973626}
  m_PrefabAsset: {fileID: 0}
--- !u!1001 &7991272393913961968
PrefabInstance:
  m_ObjectHideFlags: 0
  serializedVersion: 2
  m_Modification:
    serializedVersion: 3
    m_TransformParent: {fileID: 8700448419938380796}
    m_Modifications:
    - target: {fileID: 2368893796414042802, guid: ba074cf4b261d9a4882932e86021742c, type: 3}
      propertyPath: m_Name
      value: ToiletPaperHolder_01
      objectReference: {fileID: 0}
    - target: {fileID: 7401923441284125122, guid: ba074cf4b261d9a4882932e86021742c, type: 3}
      propertyPath: m_RootOrder
      value: -1
      objectReference: {fileID: 0}
    - target: {fileID: 7401923441284125122, guid: ba074cf4b261d9a4882932e86021742c, type: 3}
      propertyPath: m_LocalPosition.x
      value: -3.059371
      objectReference: {fileID: 0}
    - target: {fileID: 7401923441284125122, guid: ba074cf4b261d9a4882932e86021742c, type: 3}
      propertyPath: m_LocalPosition.y
      value: 1.0543983
      objectReference: {fileID: 0}
    - target: {fileID: 7401923441284125122, guid: ba074cf4b261d9a4882932e86021742c, type: 3}
      propertyPath: m_LocalPosition.z
      value: 2.9819999
      objectReference: {fileID: 0}
    - target: {fileID: 7401923441284125122, guid: ba074cf4b261d9a4882932e86021742c, type: 3}
      propertyPath: m_LocalRotation.w
      value: 1
      objectReference: {fileID: 0}
    - target: {fileID: 7401923441284125122, guid: ba074cf4b261d9a4882932e86021742c, type: 3}
      propertyPath: m_LocalRotation.x
      value: -0
      objectReference: {fileID: 0}
    - target: {fileID: 7401923441284125122, guid: ba074cf4b261d9a4882932e86021742c, type: 3}
      propertyPath: m_LocalRotation.y
      value: -0
      objectReference: {fileID: 0}
    - target: {fileID: 7401923441284125122, guid: ba074cf4b261d9a4882932e86021742c, type: 3}
      propertyPath: m_LocalRotation.z
      value: -0
      objectReference: {fileID: 0}
    - target: {fileID: 7401923441284125122, guid: ba074cf4b261d9a4882932e86021742c, type: 3}
      propertyPath: m_LocalEulerAnglesHint.x
      value: 0
      objectReference: {fileID: 0}
    - target: {fileID: 7401923441284125122, guid: ba074cf4b261d9a4882932e86021742c, type: 3}
      propertyPath: m_LocalEulerAnglesHint.y
      value: 0
      objectReference: {fileID: 0}
    - target: {fileID: 7401923441284125122, guid: ba074cf4b261d9a4882932e86021742c, type: 3}
      propertyPath: m_LocalEulerAnglesHint.z
      value: 0
      objectReference: {fileID: 0}
    m_RemovedComponents: []
    m_RemovedGameObjects: []
    m_AddedGameObjects: []
    m_AddedComponents: []
  m_SourcePrefab: {fileID: 100100000, guid: ba074cf4b261d9a4882932e86021742c, type: 3}
--- !u!4 &603018081463180338 stripped
Transform:
  m_CorrespondingSourceObject: {fileID: 7401923441284125122, guid: ba074cf4b261d9a4882932e86021742c, type: 3}
  m_PrefabInstance: {fileID: 7991272393913961968}
  m_PrefabAsset: {fileID: 0}
--- !u!1001 &8078609713709482048
PrefabInstance:
  m_ObjectHideFlags: 0
  serializedVersion: 2
  m_Modification:
    serializedVersion: 3
    m_TransformParent: {fileID: 8700448419938380796}
    m_Modifications:
    - target: {fileID: 2454693265696217372, guid: bd82980ec0e466d48a84803eba02265f, type: 3}
      propertyPath: m_RootOrder
      value: -1
      objectReference: {fileID: 0}
    - target: {fileID: 2454693265696217372, guid: bd82980ec0e466d48a84803eba02265f, type: 3}
      propertyPath: m_LocalPosition.x
      value: -11.491
      objectReference: {fileID: 0}
    - target: {fileID: 2454693265696217372, guid: bd82980ec0e466d48a84803eba02265f, type: 3}
      propertyPath: m_LocalPosition.y
      value: 0.023946285
      objectReference: {fileID: 0}
    - target: {fileID: 2454693265696217372, guid: bd82980ec0e466d48a84803eba02265f, type: 3}
      propertyPath: m_LocalPosition.z
      value: 9.226
      objectReference: {fileID: 0}
    - target: {fileID: 2454693265696217372, guid: bd82980ec0e466d48a84803eba02265f, type: 3}
      propertyPath: m_LocalRotation.w
      value: 0.7071068
      objectReference: {fileID: 0}
    - target: {fileID: 2454693265696217372, guid: bd82980ec0e466d48a84803eba02265f, type: 3}
      propertyPath: m_LocalRotation.x
      value: 0
      objectReference: {fileID: 0}
    - target: {fileID: 2454693265696217372, guid: bd82980ec0e466d48a84803eba02265f, type: 3}
      propertyPath: m_LocalRotation.y
      value: 0.7071068
      objectReference: {fileID: 0}
    - target: {fileID: 2454693265696217372, guid: bd82980ec0e466d48a84803eba02265f, type: 3}
      propertyPath: m_LocalRotation.z
      value: 0
      objectReference: {fileID: 0}
    - target: {fileID: 2454693265696217372, guid: bd82980ec0e466d48a84803eba02265f, type: 3}
      propertyPath: m_LocalEulerAnglesHint.x
      value: 0
      objectReference: {fileID: 0}
    - target: {fileID: 2454693265696217372, guid: bd82980ec0e466d48a84803eba02265f, type: 3}
      propertyPath: m_LocalEulerAnglesHint.y
      value: 90
      objectReference: {fileID: 0}
    - target: {fileID: 2454693265696217372, guid: bd82980ec0e466d48a84803eba02265f, type: 3}
      propertyPath: m_LocalEulerAnglesHint.z
      value: 0
      objectReference: {fileID: 0}
    - target: {fileID: 5941839947436283181, guid: bd82980ec0e466d48a84803eba02265f, type: 3}
      propertyPath: m_Name
      value: Bed_Apt_01_01
      objectReference: {fileID: 0}
    m_RemovedComponents: []
    m_RemovedGameObjects: []
    m_AddedGameObjects: []
    m_AddedComponents: []
  m_SourcePrefab: {fileID: 100100000, guid: bd82980ec0e466d48a84803eba02265f, type: 3}
--- !u!4 &5912151256783214940 stripped
Transform:
  m_CorrespondingSourceObject: {fileID: 2454693265696217372, guid: bd82980ec0e466d48a84803eba02265f, type: 3}
  m_PrefabInstance: {fileID: 8078609713709482048}
  m_PrefabAsset: {fileID: 0}
